<record><leader>00000cas a22000007a 4500</leader><controlfield tag="001">9374063</controlfield><controlfield tag="008">830404d19091942mtuwr ne      0   b0eng d</controlfield><controlfield tag="009">3770</controlfield><datafield ind1=" " ind2=" " tag="010"><subfield code="a">sn 83025304 </subfield></datafield><datafield ind1=" " ind2=" " tag="040"><subfield code="a">NPV</subfield><subfield code="b">eng</subfield><subfield code="c">NPV</subfield><subfield code="d">MTL</subfield><subfield code="d">OCL</subfield></datafield><datafield ind1="1" ind2=" " tag="029"><subfield code="a">AU@</subfield><subfield code="b">000025811023</subfield></datafield><datafield ind1=" " ind2=" " tag="042"><subfield code="a">msc</subfield></datafield><datafield ind1=" " ind2=" " tag="043"><subfield code="a">n-us-mt</subfield></datafield><datafield ind1=" " ind2=" " tag="045"><subfield code="a">x0x-</subfield></datafield><datafield ind1=" " ind2=" " tag="052"><subfield code="a">4253</subfield><subfield code="b">R7</subfield></datafield><datafield ind1="0" ind2="0" tag="245"><subfield code="a">Forsyth times-journal.</subfield></datafield><datafield ind1="0" ind2="0" tag="246"><subfield code="a">Forsyth times journal</subfield></datafield><datafield ind1=" " ind2=" " tag="260"><subfield code="a">Forsyth, Mont. :</subfield><subfield code="b">Times-Journal Pub. Co.,</subfield><subfield code="c">1909-</subfield></datafield><datafield ind1=" " ind2=" " tag="300"><subfield code="a">v. :</subfield><subfield code="b">ill. ;</subfield><subfield code="c">57 cm.</subfield></datafield><datafield ind1=" " ind2=" " tag="310"><subfield code="a">Weekly</subfield></datafield><datafield ind1="0" ind2=" " tag="362"><subfield code="a">Vol. 16, no. 4 (Oct. 21, 1909)-</subfield></datafield><datafield ind1="1" ind2=" " tag="362"><subfield code="a">Ceased in 1942.</subfield><subfield code="z">Cf. Forsyth, 100 years.</subfield></datafield><datafield ind1=" " ind2=" " tag="752"><subfield code="a">United States</subfield><subfield code="b">Montana</subfield><subfield code="c">Rosebud</subfield><subfield code="d">Forsyth.</subfield></datafield><datafield ind1="0" ind2="4" tag="780"><subfield code="t">Forsyth times</subfield><subfield code="w">(DLC)sn 85053119</subfield></datafield><datafield ind1="0" ind2="4" tag="780"><subfield code="t">Forsyth journal</subfield><subfield code="w">(DLC)sn 85053118</subfield></datafield></record>